@Book{Ierandi2017,
  author    = {Carmelina Ierardi and Luis Orihuela Espina and Isabel Jurado Flores and Álvaro Rodríguez del Nozal and Alejandro Tapia Córdoba},
  publisher = {Universidade da Coruña},
  title     = {Revisión sistemática de la literatura en ingeniería de sistemas. Caso práctico: técnicas de estimación distribuida de sistemas ciberfísicos},
  year      = {2017},
  address   = {Coruña},
  edition   = {37},
  isbn      = {9788497497749},
  note      = {Literaturangaben},
  pagetotal = {11038},
  ppn_gvk   = {1838223606},
  subtitle  = {Jornadas de Automática},
}

@Book{Marder2011,
  author    = {Marder, Michael P.},
  publisher = {Cambridge University Press},
  title     = {Research Methods for Science},
  year      = {2011},
  address   = {Cambridge},
  isbn      = {9780511927782},
  note      = {Description based on publisher supplied metadata and other sources.},
  pagetotal = {1237},
  ppn_gvk   = {1746487879},
}

@Comment{jabref-meta: databaseType:bibtex;}
