@Article{Einstein1934,
  author       = {Einstein, Albert},
  date         = {1934-04},
  journaltitle = {Philosophy of Science},
  title        = {On the Method of Theoretical Physics},
  doi          = {10.1086/286316},
  issn         = {1539-767X},
  number       = {2},
  pages        = {163--169},
  volume       = {1},
  publisher    = {Cambridge University Press (CUP)},
}

@Comment{jabref-meta: databaseType:biblatex;}
