@Article{Dixon2020,
  author       = {John Dixon},
  date         = {2020-12-28},
  journaltitle = {Libra Scientific Communications Ltd},
  title        = {Notes on effective scientific writing},
  url          = {https://www.mpls.ox.ac.uk/files/training/notes-on-effective-science-writing},
  file         = {:notes-scientific-writing-dixon-2020.pdf:PDF:https\://www.mpls.ox.ac.uk/files/training/notes-on-effective-science-writing},
}

@Comment{jabref-meta: databaseType:biblatex;}
