@Article{Houle2023,
  author    = {Houle, Frances A. and Kirby, Kate P. and Marder, Michael P.},
  journal   = {Physics Today},
  title     = {Ethics in physics: The need for culture change},
  year      = {2023},
  issn      = {1945-0699},
  month     = jan,
  number    = {1},
  pages     = {28--35},
  volume    = {76},
  doi       = {10.1063/pt.3.5156},
  publisher = {AIP Publishing},
}

@Comment{jabref-meta: databaseType:bibtex;}
