@Misc{Rajasekar2006,
  author    = {Rajasekar, S. and Philominathan, P. and Chinnathambi, V.},
  date      = {2006},
  title     = {Research Methodology},
  doi       = {10.48550/ARXIV.PHYSICS/0601009},
  language  = {english},
  copyright = {arXiv.org perpetual, non-exclusive license},
  keywords  = {General Physics (physics.gen-ph), FOS: Physical sciences, FOS: Physical sciences},
  publisher = {arXiv},
}

@Article{Dirac1928,
  author       = {P. A. M. Dirac},
  date         = {1928},
  journaltitle = {Proceedings of the Royal Society of London. Series A, Containing Papers of a Mathematical and Physical Character},
  title        = {The Quantum Theory of the Electron},
  issn         = {09501207},
  number       = {778},
  pages        = {610--624},
  url          = {http://www.jstor.org/stable/94981},
  urldate      = {2025-03-24},
  volume       = {117},
  publisher    = {Royal Society},
}

@Video{mehranshargh2023,
  author = {{mehranshargh}},
  date   = {2023-02-17},
  title  = {Paul A. M. Dirac, Interview by Friedrich Hund (1982)},
  url    = {https://www.youtube.com/watch?v=xJzrU38pGWc},
}

@Book{Stanescu2017,
  author    = {Stanescu, Tudor D.},
  date      = {2017},
  title     = {Introduction to topological quantum matter \& quantum computation},
  isbn      = {9781482245936},
  location  = {Boca Raton, FL},
  note      = {Includes bibliographical references and index},
  publisher = {CRC Press, Taylor \& Francis Group},
  ppn_gvk   = {883707799},
}

@Comment{jabref-meta: databaseType:biblatex;}

@Comment{jabref-meta: fileDirectoryLatex-oel-debian:/home/oel/Dokumente;}
