@misc{Science,
  author   = {Understanding Science},
  title    = {Understanding Science 101: How science works},
  url      = {https://undsci.berkeley.edu/understanding-science-101/how-science-works/},
  language = {english},
  file     = {:/home/oel/Dokumente/Research-Seminar/How-To-Science/material/How-Science-Works.pdf:PDF:https\://undsci.berkeley.edu/understanding-science-101/how-science-works/summing-up-the-process/},
}
@misc{Cush2019,
  author = {Cush},
  journal = {Wikimedia Commons},
  date   = {2019-09-17},
  title  = {Standard Model of Elementary Particles},
  url    = {https://commons.wikimedia.org/wiki/File:Standard_Model_of_Elementary_Particles.svg},
}
