@Article{Elmore2020,
  author       = {Elmore, Susan A. and Weston, Eleanor H.},
  date         = {2020-04},
  journaltitle = {Toxicologic Pathology},
  title        = {Predatory Journals: What They Are and How to Avoid Them},
  doi          = {10.1177/0192623320920209},
  issn         = {1533-1601},
  number       = {4},
  pages        = {607--610},
  volume       = {48},
  publisher    = {SAGE Publications},
}

@Comment{jabref-meta: databaseType:biblatex;}
