@WWW{Cush2019,
  author       = {Cush},
  date         = {2019-09-17},
  title        = {Standard Model of Elementary Particles},
  url          = {https://commons.wikimedia.org/wiki/File:Standard_Model_of_Elementary_Particles.svg},
  organization = {Wikimedia Commons},
}

@WWW{Holdsworth2007,
  author = {Joel Holdsworth},
  date   = {2007-03-09},
  title  = {Feynmann Diagram Gluon Radiation},
  url    = {https://commons.wikimedia.org/wiki/File:Feynmann_Diagram_Gluon_Radiation.svg},
}

@Article{Tai1994,
  author       = {Tai, Mary M},
  date         = {1994-02},
  journaltitle = {Diabetes Care},
  title        = {A Mathematical Model for the Determination of Total Area Under Glucose Tolerance and Other Metabolic Curves},
  doi          = {10.2337/diacare.17.2.152},
  issn         = {1935-5548},
  number       = {2},
  pages        = {152--154},
  volume       = {17},
  publisher    = {American Diabetes Association},
}

@Misc{Science,
  author       = {Understanding Science},
  date         = {2007},
  title        = {Understanding Science 101: How science works},
  language     = {english},
  organization = {Understanding Science},
  url          = {https://undsci.berkeley.edu/understanding-science-101/how-science-works/},
}

@Misc{Simeonov2024,
  author    = {Simeonov, Lachezar S.},
  date      = {2024},
  title     = {Derivation of Schrodinger's equation from the Hamilton-Jacobi and the Eikonal equations},
  doi       = {10.48550/ARXIV.2410.03689},
  copyright = {Creative Commons Attribution 4.0 International},
  keywords  = {Quantum Physics (quant-ph), FOS: Physical sciences, FOS: Physical sciences},
  publisher = {arXiv},
}

@Book{Broglie2021,
  author       = {Louis de Broglie},
  date         = {2021},
  title        = {Research on the theory of Quanta},
  editor       = {Vesselin Petkov},
  isbn         = {978-1-927763-99-5},
  language     = {english},
  origlanguage = {french},
}

@Misc{NorbertMitzel2022,
  author   = {NorbertMitzel},
  date     = {2022-02-10},
  title    = {GED C6H6 diff pattern},
  language = {english},
  subtitle = {cheme 2: Diffraction pattern of gaseous benzene},
}

@Article{Struyve2001,
  author    = {Struyve, W. and De Baere, W.},
  date      = {2001},
  title     = {Comments on some recently proposed experiments that should distinguish Bohmian mechanics from quantum mechanics},
  doi       = {10.48550/ARXIV.QUANT-PH/0108038},
  copyright = {Assumed arXiv.org perpetual, non-exclusive license to distribute this article for submissions made before January 2004},
  keywords  = {Quantum Physics (quant-ph), FOS: Physical sciences, FOS: Physical sciences},
  publisher = {arXiv},
}

@Misc{Opasson2011,
  author   = {Opasson},
  date     = {2011-10-13},
  title    = {Doppelspalt},
  language = {english},
  url      = {https://upload.wikimedia.org/wikipedia/commons/0/02/Doppelspalt.svg},
}

@InBook{Zhou2017,
  author    = {Zhou, X and Thompson, G.E.},
  booktitle = {Reference Module in Materials Science and Materials Engineering},
  date      = {2017},
  title     = {Electron and Photon Based Spatially Resolved Techniques},
  doi       = {10.1016/b978-0-12-803581-8.10140-7},
  isbn      = {9780128035818},
  publisher = {Elsevier},
}

@Misc{Ldm19542003,
  author = {Ldm1954},
  date   = {2003-06-16},
  title  = {Al-Cu-Fe-Cr decagonal quasicrystal diffraction pattern},
  url    = {https://upload.wikimedia.org/wikipedia/commons/6/65/Al-Cu-Fe-Cr_decagonal_quasicrystal_diffraction_pattern.tif},
}

@Comment{jabref-meta: databaseType:biblatex;}

@Comment{jabref-meta: fileDirectoryLatex-oel-debian:/home/oel/Dokumente;}
