@Article{Ellis2014,
  author       = {Ellis, George and Silk, Joe},
  date         = {2014-12},
  journaltitle = {Nature},
  title        = {Scientific method: Defend the integrity of physics},
  doi          = {10.1038/516321a},
  issn         = {1476-4687},
  number       = {7531},
  pages        = {321--323},
  volume       = {516},
  publisher    = {Springer Science and Business Media LLC},
}

@InReference{Oxford2016,
  author  = {{Oxford}},
  date    = {2016},
  title   = {Post-truth Adjective - Definition},
  url     = {https://www.oxfordlearnersdictionaries.com/us/definition/english/post-truth},
  urldate = {2025-03-27},
}

@Book{Popper2005,
  author    = {Popper, Karl Raimund},
  date      = {2005},
  title     = {Logic of Scientific Discovery},
  isbn      = {9781134470020},
  publisher = {Taylor \& Francis Group},
}

@Misc{Steigman2010,
  author    = {Steigman, Gary},
  date      = {2010},
  title     = {Primordial Nucleosynthesis: The Predicted and Observed Abundances and Their Consequences},
  doi       = {10.48550/ARXIV.1008.4765},
  copyright = {arXiv.org perpetual, non-exclusive license},
  keywords  = {Cosmology and Nongalactic Astrophysics (astro-ph.CO), High Energy Physics - Phenomenology (hep-ph), Nuclear Theory (nucl-th), FOS: Physical sciences, FOS: Physical sciences},
  publisher = {arXiv},
}

@Comment{jabref-meta: databaseType:biblatex;}
