@Article{Sibum2004,
  author       = {Sibum, H. Otto},
  date         = {2004-10},
  journaltitle = {Science},
  title        = {What Kind of Science Is Experimental Physics?},
  doi          = {10.1126/science.1093598},
  issn         = {1095-9203},
  number       = {5693},
  pages        = {60--61},
  volume       = {306},
  publisher    = {American Association for the Advancement of Science (AAAS)},
}

@Comment{jabref-meta: databaseType:biblatex;}
