@Article{Ratan2019,
  author    = {Ratan, SimmiK and Anand, Tanu and Ratan, John},
  journal   = {Journal of Indian Association of Pediatric Surgeons},
  title     = {Formulation of research question â€“ Stepwise approach},
  year      = {2019},
  issn      = {0971-9261},
  number    = {1},
  pages     = {15},
  volume    = {24},
  doi       = {10.4103/jiaps.jiaps_76_18},
  publisher = {Medknow},
}

@Book{Dirac1930,
  author    = {Dirac, Paul Adrien Maurice},
  publisher = {Oxford University Press},
  title     = {The Principles of Quantum Mechanics},
  year      = {1930},
}

@Book{Landau1977,
  author    = {Landau, L. D. and Lifshitz, E. M.},
  publisher = {Pergamon Press},
  title     = {Quantum Mechanics: Non-Relativistic Theory},
  year      = {1977},
  edition   = {3},
}

@Book{Griffiths2008,
  author    = {Griffiths, David},
  publisher = {Wiley-VCH},
  title     = {Introduction to Elementary Particles},
  year      = {2008},
  edition   = {2},
}

@Book{Greiner2000,
  author    = {Greiner, Walter},
  publisher = {Springer Berlin Heidelberg},
  title     = {Relativistic Quantum Mechanics. Wave Equations},
  year      = {2000},
  isbn      = {9783662042755},
  doi       = {10.1007/978-3-662-04275-5},
}

@Book{Hestenes1966,
  author    = {David Hestenes},
  publisher = {Gordon and Breach},
  title     = {Space-Time Algebra},
  year      = {1966},
}

@Comment{jabref-meta: databaseType:bibtex;}
